@Book{Tanenbaum2017,
  author       = "Andrew S. Tanenbaum and Maarten van Steen",
  title        = "Distributed Systems: Principles and Paradigms (Version
                 3.01)",
  year         = "2017",
  ISBN         = "978-908-154-0-6-2-9",
  publisher    = "Maarten van Steen",
}

@Article{DeCandia2007,
  author       = "Giuseppe DeCandia and Deniz Hastorun and Madan Jampani
                 and Gunavardhan Kakulapati and Avinash Lakshman and
                 Alex Pilchin and Swaminathan Sivasubramanian and Peter
                 Vosshall and Werner Vogels",
  title        = "Dynamo: Amazon's Highly Available Key-value Store",
  journal      = "SIGOPS Oper. Syst. Rev.",
  issue_date   = "December 2007",
  volume       = "41",
  number       = "6",
  month        = oct,
  year         = "2007",
  ISSN         = "0163-5980",
  pages        = "205--220",
  numpages     = "16",
  URL          = "http://doi.acm.org/10.1145/1323293.1294281",
  DOI          = "10.1145/1323293.1294281",
  acmid        = "1294281",
  publisher    = "ACM",
  address      = "New York, NY, USA",
  keywords     = "performance, reliability, scalability",
}

@Article{Lakshman2010,
  author       = "Avinash Lakshman and Prashant Malik",
  title        = "Cassandra: A Decentralized Structured Storage System",
  journal      = "SIGOPS Oper. Syst. Rev.",
  issue_date   = "April 2010",
  volume       = "44",
  number       = "2",
  month        = apr,
  year         = "2010",
  ISSN         = "0163-5980",
  pages        = "35--40",
  numpages     = "6",
  URL          = "http://doi.acm.org/10.1145/1773912.1773922",
  DOI          = "10.1145/1773912.1773922",
  acmid        = "1773922",
  publisher    = "ACM",
  address      = "New York, NY, USA",
}

@InProceedings{Chang2006,
  author       = "Fay Chang and Jeffrey Dean and Sanjay Ghemawat and
                 Wilson C. Hsieh and Deborah A. Wallach and Mike Burrows
                 and Tushar Chandra and Andrew Fikes and Robert E.
                 Gruber",
  title        = "Bigtable: A Distributed Storage System for Structured
                 Data",
  booktitle    = "7th {USENIX} Symposium on Operating Systems Design and
                 Implementation ({OSDI} 06)",
  year         = "2006",
  address      = "Seattle, WA",
  URL          = "https://www.usenix.org/conference/osdi-06/bigtable-distributed-storage-system-structured-data",
  publisher    = "{USENIX} Association",
}

@Article{Dean2008,
  author       = "Jeffrey Dean and Sanjay Ghemawat",
  title        = "MapReduce: Simplified Data Processing on Large
                 Clusters",
  journal      = "Commun. ACM",
  issue_date   = "January 2008",
  volume       = "51",
  number       = "1",
  month        = jan,
  year         = "2008",
  ISSN         = "0001-0782",
  pages        = "107--113",
  numpages     = "7",
  URL          = "http://doi.acm.org/10.1145/1327452.1327492",
  DOI          = "10.1145/1327452.1327492",
  acmid        = "1327492",
  publisher    = "ACM",
  address      = "New York, NY, USA",
}

@Book{Kleppmann2017,
  author       = "Martin Kleppmann",
  title        = "Designing Data-Intensive Applications",
  year         = "2018",
  ISBN         = "978-144-937-3-3-2-0",
  publisher    = "O'Reilly Media, Inc.",
  address      = "Sebastopol, CA, USA",
}

@Book{Parsian2015,
  author       = "Mahmoud Parsian",
  title        = "Data Algorithms",
  year         = "2015",
  ISBN         = "978-149-190-6-1-8-7",
  publisher    = "O'Reilly Media, Inc.",
  address      = "Sebastopol, CA, USA",
}

@Article{Chen2012,
  volume       = "19",
  number       = "3",
  month        = aug,
  author       = "Daqing Chen and Sai Laing Sain and Kun Guo",
  title        = "Data mining for the online retail industry: A case
                 study of RFM model-based customer segmentation using
                 data mining",
  publisher    = "London South Bank University",
  year         = "2012",
  journal      = "Journal of Database Marketing and Customer Strategy
                 Management",
  pages        = "197--208",
  URL          = "http://researchopen.lsbu.ac.uk/1492/",
}

@Online{Ali2018,
  author       = "Fareeha Ali",
  year         = "2018",
  title        = "A decade in review: E‑commerce sales vs. retail
                 sales 2007‑2017",
  URL          = "https://www.digitalcommerce360.com/article/e-commerce-sales-retail-sales-ten-year-review/",
  month        = jul,
  lastaccessed = "2019-01-20",
}

@Online{Carman2018,
  author       = "Ashley Carman",
  year         = "2018",
  title        = "Amazon shipped over 5 billion items worldwide through
                 Prime in 2017",
  URL          = "https://www.theverge.com/2018/1/2/16841786/amazon-prime-2017-users-ship-five-billion",
  month        = jan,
  lastaccessed = "2019-01-20",
}

@Online{Fenol2018,
  author       = "Jessica Fenol",
  year         = "2018",
  title        = "Alibaba: 325,000 orders per second highlights
                 e-commerce shift",
  URL          = "https://news.abs-cbn.com/business/09/04/18/alibaba-325000-orders-per-second-highlights-e-commerce-shift",
  month        = sep,
  lastaccessed = "2019-01-20",
}

@Online{Mehta2018,
  author       = "Neel Mehta and Parth Detroja and Aditya Agashe",
  year         = "2018",
  title        = "Amazon changes prices on its products about every 10
                 minutes — here's how and why they do it",
  URL          = "https://www.businessinsider.de/amazon-price-changes-2018-8",
  month        = aug,
  lastaccessed = "2019-01-20",
}

@Online{Hadoop,
  author       = "Apache Software Foundation",
  year         = "2018",
  title        = "Hadoop",
  URL          = "https://hadoop.apache.org",
  lastaccessed = "2019-01-20",
}

@Online{Cassandra,
  author       = "Apache Software Foundation",
  year         = "2016",
  title        = "Cassandra",
  URL          = "http://cassandra.apache.org",
  lastaccessed = "2019-02-04",
}

@PhdThesis{Zaharia2014,
  author       = "Matei Zaharia",
  title        = "An Architecture for Fast and General Data Processing
                 on Large Clusters",
  school       = "EECS Department, University of California, Berkeley",
  year         = "2014",
  month        = feb,
  URL          = "http://www2.eecs.berkeley.edu/Pubs/TechRpts/2014/EECS-2014-12.html",
  number       = "UCB/EECS-2014-12",
}

@Online{MongoDB,
  author       = "Inc. MongoDB",
  year         = "2018",
  title        = "MongoDB",
  URL          = "https://www.mongodb.com",
  lastaccessed = "2019-01-20",
}

@Online{CouchDB,
  author       = "Apache Software Foundation",
  year         = "2018",
  title        = "CouchDB",
  URL          = "http://couchdb.apache.org",
  lastaccessed = "2019-01-20",
}

@InProceedings{Karger1997,
  author       = "David Karger and Eric Lehman and Tom Leighton and Rina
                 Panigrahy and Matthew Levine and Daniel Lewin",
  title        = "Consistent Hashing and Random Trees: Distributed
                 Caching Protocols for Relieving Hot Spots on the World
                 Wide Web",
  booktitle    = "Proceedings of the Twenty-ninth Annual ACM Symposium
                 on Theory of Computing",
  series       = "STOC '97",
  year         = "1997",
  ISBN         = "0-89791-888-6",
  location     = "El Paso, Texas, USA",
  pages        = "654--663",
  numpages     = "10",
  URL          = "http://doi.acm.org/10.1145/258533.258660",
  DOI          = "10.1145/258533.258660",
  acmid        = "258660",
  publisher    = "ACM",
  address      = "New York, NY, USA",
}

@InProceedings{Demers1987,
  author       = "Alan Demers and Dan Greene and Carl Hauser and Wes
                 Irish and John Larson and Scott Shenker and Howard
                 Sturgis and Dan Swinehart and Doug Terry",
  title        = "Epidemic Algorithms for Replicated Database
                 Maintenance",
  booktitle    = "Proceedings of the Sixth Annual ACM Symposium on
                 Principles of Distributed Computing",
  series       = "PODC '87",
  year         = "1987",
  ISBN         = "0-89791-239-X",
  location     = "Vancouver, British Columbia, Canada",
  pages        = "1--12",
  numpages     = "12",
  URL          = "http://doi.acm.org/10.1145/41840.41841",
  DOI          = "10.1145/41840.41841",
  acmid        = "41841",
  publisher    = "ACM",
  address      = "New York, NY, USA",
}

@InBook{Jelasity2011,
  author       = "M{\'a}rk Jelasity",
  editor       = "Giovanna Di Marzo Serugendo and Marie-Pierre Gleizes
                 and Anthony Karageorgos",
  title        = "Gossip",
  booktitle    = "Self-organising Software: From Natural to Artificial
                 Adaptation",
  year         = "2011",
  publisher    = "Springer Berlin Heidelberg",
  address      = "Berlin, Heidelberg",
  pages        = "139--162",
  ISBN         = "978-36421-7-3-4-8-6",
  DOI          = "10.1007/978-3-642-17348-6_7",
  URL          = "https://doi.org/10.1007/978-3-642-17348-6_7",
}

@Article{Laemmel2008,
  title        = "Google’s MapReduce programming model — Revisited",
  journal      = "Science of Computer Programming",
  volume       = "70",
  number       = "1",
  pages        = "1--30",
  year         = "2008",
  ISSN         = "0167-6423",
  DOI          = "https://doi.org/10.1016/j.scico.2007.07.001",
  URL          = "http://www.sciencedirect.com/science/article/pii/S0167642307001281",
  author       = "Ralf Lämmel",
}

@InProceedings{Hayashibara2004,
  author       = "N. Hayashibara and X. Defago and R. Yared and T.
                 Katayama",
  booktitle    = "Proceedings of the 23rd IEEE International Symposium
                 on Reliable Distributed Systems, 2004.",
  title        = "The /spl phi/ accrual failure detector",
  year         = "2004",
  volume       = "",
  number       = "",
  pages        = "66--78",
  DOI          = "10.1109/RELDIS.2004.1353004",
  ISSN         = "1060-9857",
  month        = oct,
}

@Online{Malike2017,
  author       = "Kendeh Lewis Malike",
  year         = "2017",
  title        = "Creating An In-Memory FIFO Cache",
  URL          = "https://malike.github.io/Queue-LinkedHashMap.html",
  month        = mar,
  lastaccessed = "2019-01-26",
}

@Misc{Ketan2010,
  author       = "Ketan Shah and Anirban Mitra and Dhruv Matani",
  title        = "An O(1) algorithm for implementing the LFU cache
                 eviction scheme",
  year         = "2010",
}

@Online{Azad2017,
  author       = "Kalid Azad",
  year         = "2017",
  title        = "A little diddy about binary file formats",
  URL          = "https://betterexplained.com/articles/a-little-diddy-about-binary-file-formats/",
  month        = nov,
  lastaccessed = "2019-01-26",
}

@Misc{Brown2014,
  author       = "Jason Brown",
  year         = "2014",
  title        = "Demystifying Gossip",
  URL          = "https://www.youtube.com/watch?v=FuP1Fvrv6ZQ",
  month        = sep,
  lastaccessed = "March 21, 2008",
  note         = "",
}

@Online{Nashorn,
  author       = "Inc. Oracle",
  year         = "2019",
  title        = "Java Platform, Standard Edition Nashorn User's Guide",
  URL          = "https://docs.oracle.com/javase/10/nashorn/toc.htm",
  lastaccessed = "2019-02-02",
}

@Online{Ecma,
  author       = "Ecma International",
  year         = "2011",
  title        = "Standard ECMA-262 5.1 Edition",
  URL          = "https://www.ecma-international.org/ecma-262/5.1/",
  month        = jun,
  lastaccessed = "2019-02-02",
}

@Online{Nashorn2,
  author       = "Sundararajan Athijegannathan",
  year         = "2016",
  title        = "OpenJDK Wiki - Nashorn extensions",
  URL          = "https://wiki.openjdk.java.net/display/Nashorn/Nashorn+extensions",
  month        = jan,
  lastaccessed = "2019-02-02",
}

@Article{ONeil1996,
  author       = "Patrick O'Neil and Edward Cheng and Dieter Gawlick and
                 Elizabeth O'Neil",
  title        = "The Log-structured Merge-tree (LSM-tree)",
  journal      = "Acta Inf.",
  issue_date   = "1996",
  volume       = "33",
  number       = "4",
  month        = jun,
  year         = "1996",
  ISSN         = "0001-5903",
  pages        = "351--385",
  numpages     = "35",
  URL          = "http://dx.doi.org/10.1007/s002360050048",
  DOI          = "10.1007/s002360050048",
  acmid        = "230826",
  publisher    = "Springer-Verlag New York, Inc.",
  address      = "Secaucus, NJ, USA",
}
